@article{Adami2016,
  title={What is information?},
  author={Adami, Christoph},
  journal={Phil. Trans. R. Soc. A},
  volume={374},
  number={2063},
  pages={20150230},
  year={2016},
  publisher={The Royal Society}
}
@article{Adami2012,
  title={The use of information theory in evolutionary biology},
  author={Adami, Christoph},
  journal={Annals of the New York Academy of Sciences},
  volume={1256},
  number={1},
  pages={49--65},
  year={2012},
  publisher={Wiley Online Library}
}
